<record><leader>00000cas a22000007a 4500</leader><controlfield tag="001">11063957</controlfield><controlfield tag="008">840817d18711873vaudr ne      0    0eng d</controlfield><datafield ind1=" " ind2=" " tag="010"><subfield code="a">sn 84024731 </subfield></datafield><datafield ind1=" " ind2=" " tag="040"><subfield code="a">NPV</subfield><subfield code="b">eng</subfield><subfield code="c">NPV</subfield><subfield code="d">NPU</subfield><subfield code="d">DLC</subfield><subfield code="d">YOX</subfield><subfield code="d">NVK</subfield><subfield code="d">OCLCQ</subfield><subfield code="d">OCLCF</subfield><subfield code="d">OCLCO</subfield></datafield><datafield ind1="1" ind2=" " tag="029"><subfield code="a">AU@</subfield><subfield code="b">000020341837</subfield></datafield><datafield ind1=" " ind2=" " tag="042"><subfield code="a">msc</subfield></datafield><datafield ind1="0" ind2="0" tag="050"><subfield code="a">Newspaper 10097</subfield></datafield><datafield ind1="0" ind2="0" tag="245"><subfield code="a">Richmond daily enquirer.</subfield></datafield><datafield ind1="1" ind2="3" tag="246"><subfield code="a">Daily enquirer</subfield></datafield><datafield ind1="1" ind2="3" tag="246"><subfield code="a">Richmond enquirer</subfield></datafield><datafield ind1="1" ind2="3" tag="246"><subfield code="a">Enquirer &amp; examiner</subfield></datafield><datafield ind1="3" ind2="0" tag="246"><subfield code="a">Enquirer and examiner</subfield></datafield><datafield ind1=" " ind2=" " tag="260"><subfield code="a">Richmond [Va.] :</subfield><subfield code="b">Richmond Enquirer Co.,</subfield><subfield code="c">1871-1873.</subfield></datafield><datafield ind1=" " ind2=" " tag="300"><subfield code="a">v. :</subfield><subfield code="b">ill. ;</subfield><subfield code="c">61 cm.</subfield></datafield><datafield ind1=" " ind2=" " tag="310"><subfield code="a">Daily</subfield></datafield><datafield ind1=" " ind2=" " tag="321"><subfield code="a">Daily (except Sun.)</subfield><subfield code="b">&lt;June 6, 1871-Feb. 15, 1873&gt;</subfield></datafield><datafield ind1="0" ind2=" " tag="362"><subfield code="a">Vol. 64, no. 133 (June 6, 1871)- v. 67, no. 78 (Mar. 21, 1873).</subfield></datafield><datafield ind1=" " ind2=" " tag="530"><subfield code="a">Also available on microfilm from the University of Missouri.</subfield></datafield><datafield ind1=" " ind2="0" tag="651"><subfield code="a">Richmond (Va.)</subfield><subfield code="v">Newspapers.</subfield></datafield><datafield ind1=" " ind2="7" tag="655"><subfield code="a">Newspapers.</subfield><subfield code="2">fast</subfield><subfield code="0">(OCoLC)fst01423814</subfield></datafield><datafield ind1=" " ind2="7" tag="651"><subfield code="a">Virginia</subfield><subfield code="z">Richmond.</subfield><subfield code="2">fast</subfield><subfield code="0">(OCoLC)fst01205345</subfield></datafield><datafield ind1=" " ind2=" " tag="752"><subfield code="a">United States</subfield><subfield code="b">Virginia</subfield><subfield code="d">Richmond.</subfield></datafield><datafield ind1="0" ind2=" " tag="775"><subfield code="t">Richmond enquirer (Richmond, Va. : 1867 : Semiweekly)</subfield><subfield code="w">(DLC)sn 85027072</subfield></datafield><datafield ind1="0" ind2=" " tag="775"><subfield code="t">Richmond enquirer (Richmond, Va. : Weekly)</subfield><subfield code="w">(DLC)sn 85026577</subfield></datafield><datafield ind1="0" ind2="0" tag="780"><subfield code="t">Daily enquirer (Richmond, Va.)</subfield><subfield code="w">(DLC)sn 84024730</subfield></datafield><datafield ind1="0" ind2="0" tag="785"><subfield code="t">Richmond enquirer (Richmond, Va. : 1873 : Daily)</subfield><subfield code="w">(DLC)sn 84024734</subfield></datafield></record>